<?xml version="1.0" encoding="UTF-8"?><collection xmlns="http://www.loc.gov/MARC21/slim"><record><leader>00483nam--2200193-i-4500</leader><controlfield tag="001">000027980</controlfield><controlfield tag="002">20161230</controlfield><controlfield tag="005">20161230201037</controlfield><controlfield tag="008">060222s1000------------r-----000-0-rus-d</controlfield><datafield ind1=" " ind2=" " tag="040"><subfield code="a">IFIN-HH</subfield></datafield><datafield ind1=" " ind2=" " tag="041"><subfield code="a">rus</subfield></datafield><datafield ind1=" " ind2=" " tag="080"><subfield code="a">536.7:546.3</subfield></datafield><datafield ind1="1" ind2=" " tag="100"><subfield code="a">Harkov, E.I</subfield></datafield><datafield ind1="1" ind2="0" tag="245"><subfield code="a">Termodinamika metallov</subfield><subfield code="c">E.i. harkov; v.i. lisov; v.e. fedorov</subfield></datafield><datafield ind1=" " ind2=" " tag="260"><subfield code="a">Kiev</subfield><subfield code="b">Visa Skola</subfield><subfield code="c">1982</subfield></datafield><datafield ind1=" " ind2=" " tag="300"><subfield code="a">248P</subfield></datafield><datafield ind1="1" ind2=" " tag="700"><subfield code="a">Fedorov, V.E</subfield></datafield><datafield ind1=" " ind2=" " tag="852"><subfield code="a">71327</subfield><subfield code="c">536.7</subfield></datafield><datafield ind1=" " ind2=" " tag="CAT"><subfield code="a">Sys</subfield><subfield code="c">20110601</subfield><subfield code="h">124652</subfield></datafield></record></collection>